@article{1,
author = {Russell Cheng},
title = {Bootstrap confidence bands and goodness-of-fit tests in simulation input/output modelling},
journal = {Winter Simulation Conference},
year = {2015},
OPTkey = {},
volume = {},
number = {},
pages = {16-30},
OPTmonth = {},
OPTnote = {},
OPTannote = {}
}
@article{2,
author = {Russell C. H. Cheng},
title = {Bootstrapping simultaneous confidence bands},
journal = {Winter Simulation Conference},
year = {1997},
OPTkey = {},
volume = {},
number = {},
pages = {275-280},
OPTmonth = {},
OPTnote = {},
OPTannote = {}
}